% [1] Thorsten Altenkirch and Jonathan Grattage. A functional quantum
% programming language. In Logic in Computer Science, 2005. LICS 2005.
% Proceedings. 20th Annual IEEE Symposium on, pages 249–258. IEEE, 2005.
% [2] Thorsten Altenkirch, Jonathan Grattage, Juliana K Vizzotto, and Amr
% Sabry. An algebra of pure quantum programming. Electronic Notes in
% Theoretical Computer Science, 170:23–47, 2007.
% [3] Pablo Arrighi and Gilles Dowek. Operational semantics for formal tensorial
% calculus. No, 2004.
% [4] H. P. Barendregt. Lambda calculi with types. In S. Abramsky, Dov M.
% Gabbay, and S. E. Maibaum, editors, Handbook of Logic in Computer
% Science (Vol. 2), pages 117–309, New York, NY, USA, 1992. Oxford
% University Press, Inc.
% [5] Cyril Cohen, Thierry Coquand, Simon Huber, and Anders M¨ortberg. In
% Cubical Type Theory: a constructive interpretation of the univalence axiom,
% volume abs/1611.02108, 2017.
% [6] Thierry Coquand, Per Martin-L¨of, Vladimir Voevodsky, Andr´e Joyal,
% Andrej Bauer, Steve Awodey, Matthieu Sozeau, Michael Shulman, Dan
% Licata, Yves Bertot, Peter Dybjer, and Nicola Gambino. Homotopy Type
% Theory: Univalent Foundations of Mathematics. 2013.
% [7] Simon J. Gay and Rajagopal Nagarajan. Communicating quantum
% processes. In Proceedings of the 32Nd ACM SIGPLAN-SIGACT
% Symposium on Principles of Programming Languages, POPL ’05, pages
% 145–157, New York, NY, USA, 2005. ACM.
% [8] Jonathan Grattage. An overview of qml with a concrete implementation
% in haskell. Electronic Notes in Theoretical Computer Science, 270(1):165
% – 174, 2011. Proceedings of the Joint 5th International Workshop on
% Quantum Physics and Logic and 4th Workshop on Developments in
% Computational Models (QPL/DCM 2008).
% [9] Alexander S Green, Peter LeFanu Lumsdaine, Neil J Ross, Peter Selinger,
% and Benoˆıt Valiron. An introduction to quantum programming in quipper.
% In International Conference on Reversible Computation, pages 110–124.
% Springer, 2013.
% [10] Alexander S Green, Peter LeFanu Lumsdaine, Neil J Ross, Peter Selinger,
% and Benoˆıt Valiron. Quipper: a scalable quantum programming language.
% In ACM SIGPLAN Notices, volume 48, pages 333–342. ACM, 2013.
% [11] Marie Lalire and Philippe Jorrand. A process algebraic approach to
% concurrent and distributed quantum computation: Operational semantics.
% CoRR, quant-ph/0407005, 2004.
% [12] Hynek Mlnarik. Operational semantics and type soundness of quantum
% programming language lanq. corr, 2007.
% [13] Bernhard ¨Omer. Structured quantum programming. na, 2003.
% [14] J. W. Sanders and P. Zuliani. Quantum programming. In Proceedings of
% the 5th International Conference on Mathematics of Program Construction,
% MPC ’00, pages 80–99, London, UK, UK, 2000. Springer-Verlag.
% [15] Maksym Sokhatskyi and Pavlo Maslianko. The systems engineering of
% consistent pure language with effect type system for certified applications
% and higher languages. In AIP Conference Proceedings, volume 1982, page
% 020033. AIP Publishing, 2018.
% [16] Andr´e van Tonder. A lambda calculus for quantum computation. SIAM J.
% Comput., 33(5):1109–1135, May 2004.
% [17] Matthijs V´ak´ar. Syntax and semantics of linear dependent types. arXiv
% preprint arXiv:1405.0033, 2014.

@inproceedings{Omer2003, author = {}}
@inproceedings{Sanders2000, author = {}}
@inproceedings{Lalire2004, author = {}}
@inproceedings{Gay2005, author = {}}
@inproceedings{Mlnarik2007, author = {}}
@inproceedings{Tonpa18, author = {Namdak Tonpa}}
@inproceedings{HoTT13, author = {}}
@inproceedings{Henk93, author = {}}
@inproceedings{Green2013-2, author = {}}
@inproceedings{Green2013, author = {}}
@inproceedings{Arrighi2004, author = {}}
@inproceedings{Altenkirch2005, author = {}}
@inproceedings{Altenkirch2007, author = {}}
@inproceedings{Grattage2011, author = {}}
@inproceedings{Mortberg17, author = {}}

@inproceedings{Tonder2004,
  author    = {Andr´e van Tonder},
  booktitle = {A lambda calculus for quantum computation.},
  journal   = {SIAM J. Comput.},
  voume     = {33(5):1109–1135},
  year      = {2004}
}

@inproceedings{Vakar17,
  author    = {Matthijs V´ak´ar},
  booktitle = {Syntax and semantics of linear dependent types},
  volume    = {arXiv:1405.0033},
  year      = {2014}
}
